<record><leader>00000cas a2200000 a 4500</leader><controlfield tag="001">30136191</controlfield><controlfield tag="008">940413c19949999nduwr ne      0   a0eng c</controlfield><datafield ind1=" " ind2=" " tag="010"><subfield code="a">sn 94049962 </subfield></datafield><datafield ind1=" " ind2=" " tag="040"><subfield code="a">NOP</subfield><subfield code="b">eng</subfield><subfield code="c">DLC</subfield><subfield code="d">NSD</subfield><subfield code="d">NOP</subfield><subfield code="d">OCLCQ</subfield><subfield code="d">OCLCO</subfield><subfield code="d">OCLCF</subfield></datafield><datafield ind1=" " ind2=" " tag="012"><subfield code="m">1</subfield></datafield><datafield ind1="1" ind2=" " tag="022"><subfield code="a">1075-7546</subfield><subfield code="l">1075-7546</subfield><subfield code="2">1</subfield></datafield><datafield ind1="1" ind2=" " tag="029"><subfield code="a">AU@</subfield><subfield code="b">000025855034</subfield></datafield><datafield ind1=" " ind2=" " tag="032"><subfield code="a">242660</subfield><subfield code="b">USPS</subfield></datafield><datafield ind1=" " ind2=" " tag="042"><subfield code="a">pcc</subfield><subfield code="a">nsdp</subfield></datafield><datafield ind1=" " ind2=" " tag="043"><subfield code="a">n-us-nd</subfield></datafield><datafield ind1="0" ind2=" " tag="130"><subfield code="a">Herald (New England, N.D.)</subfield></datafield><datafield ind1=" " ind2="4" tag="222"><subfield code="a">The Herald</subfield><subfield code="b">(New England, N.D.)</subfield></datafield><datafield ind1="0" ind2="4" tag="245"><subfield code="a">The Herald.</subfield></datafield><datafield ind1=" " ind2=" " tag="260"><subfield code="a">New England, N.D. :</subfield><subfield code="b">Dickson Media,</subfield><subfield code="c">1994-</subfield></datafield><datafield ind1=" " ind2=" " tag="300"><subfield code="a">v. :</subfield><subfield code="b">ill. ;</subfield><subfield code="c">58 cm.</subfield></datafield><datafield ind1=" " ind2=" " tag="310"><subfield code="a">Weekly</subfield></datafield><datafield ind1="0" ind2=" " tag="362"><subfield code="a">Vol. 1, issue 1 (Mar. 17, 1994)-</subfield></datafield><datafield ind1=" " ind2=" " tag="500"><subfield code="a">"Official newspaper of Hettinger &amp; Slope counties."</subfield></datafield><datafield ind1=" " ind2=" " tag="530"><subfield code="a">Available on microfilm from the State Historical Society of North Dakota.</subfield></datafield><datafield ind1=" " ind2=" " tag="580"><subfield code="a">Formed by the union of: Hettinger County herald; Mott pioneer press; and: Slope messenger.</subfield></datafield><datafield ind1=" " ind2="0" tag="651"><subfield code="a">New England (N.D.)</subfield><subfield code="v">Newspapers.</subfield></datafield><datafield ind1=" " ind2="0" tag="651"><subfield code="a">Mott (N.D.)</subfield><subfield code="v">Newspapers.</subfield></datafield><datafield ind1=" " ind2="0" tag="651"><subfield code="a">Regent (N.D.)</subfield><subfield code="v">Newspapers.</subfield></datafield><datafield ind1=" " ind2="0" tag="651"><subfield code="a">Amidon (N.D.)</subfield><subfield code="v">Newspapers.</subfield></datafield><datafield ind1=" " ind2="0" tag="651"><subfield code="a">Marmarth (N.D.)</subfield><subfield code="v">Newspapers.</subfield></datafield><datafield ind1=" " ind2="7" tag="655"><subfield code="a">Newspapers.</subfield><subfield code="2">fast</subfield><subfield code="0">(OCoLC)fst01423814</subfield></datafield><datafield ind1=" " ind2="7" tag="651"><subfield code="a">North Dakota</subfield><subfield code="z">Amidon.</subfield><subfield code="2">fast</subfield><subfield code="0">(OCoLC)fst01251196</subfield></datafield><datafield ind1=" " ind2="7" tag="651"><subfield code="a">North Dakota</subfield><subfield code="z">Marmarth.</subfield><subfield code="2">fast</subfield><subfield code="0">(OCoLC)fst01284828</subfield></datafield><datafield ind1=" " ind2="7" tag="651"><subfield code="a">North Dakota</subfield><subfield code="z">Mott.</subfield><subfield code="2">fast</subfield><subfield code="0">(OCoLC)fst01251190</subfield></datafield><datafield ind1=" " ind2="7" tag="651"><subfield code="a">North Dakota</subfield><subfield code="z">New England.</subfield><subfield code="2">fast</subfield><subfield code="0">(OCoLC)fst01251732</subfield></datafield><datafield ind1=" " ind2="7" tag="651"><subfield code="a">North Dakota</subfield><subfield code="z">Regent.</subfield><subfield code="2">fast</subfield><subfield code="0">(OCoLC)fst01281003</subfield></datafield><datafield ind1=" " ind2=" " tag="752"><subfield code="a">United States</subfield><subfield code="b">North Dakota</subfield><subfield code="c">Hettinger</subfield><subfield code="d">New England.</subfield></datafield><datafield ind1="1" ind2="4" tag="780"><subfield code="t">Hettinger County herald</subfield><subfield code="w">(DLC)sn 89074104</subfield><subfield code="w">(OCoLC)1752039</subfield></datafield><datafield ind1="1" ind2="4" tag="780"><subfield code="t">Mott pioneer press</subfield><subfield code="w">(DLC)sn 89074102</subfield><subfield code="w">(OCoLC)1758776</subfield></datafield><datafield ind1="1" ind2="4" tag="780"><subfield code="t">Slope messenger</subfield><subfield code="w">(DLC)sn 89074083</subfield><subfield code="w">(OCoLC)1681143</subfield></datafield></record>